<record xmlns="http://www.loc.gov/MARC21/slim" xmlns:xsi="http://www.w3.org/2001/XMLSchema-instance" xsi:schemaLocation="http://www.loc.gov/MARC21/slim http://www.loc.gov/standards/marcxml/schema/MARC21slim.xsd"><leader>01253cz   2200205n  4500</leader><controlfield tag="001">oca04699317 </controlfield><controlfield tag="005">20000928130938.0</controlfield><controlfield tag="008">980403n| acannaab           |a aaa      </controlfield><datafield ind1=" " ind2=" " tag="010"><subfield code="a">n  98031840 </subfield><subfield code="z">n  00100163 </subfield></datafield><datafield ind1=" " ind2=" " tag="040"><subfield code="a">DLC</subfield><subfield code="c">DLC</subfield><subfield code="d">DLC</subfield></datafield><datafield ind1="0" ind2=" " tag="100"><subfield code="a">Ioulianos,</subfield><subfield code="c">Scholastikos,</subfield><subfield code="d">fl. 535-555</subfield></datafield><datafield ind1="0" ind2=" " tag="400"><subfield code="a">Ioulianos,</subfield><subfield code="c">Antikensor,</subfield><subfield code="d">fl. 535-555</subfield></datafield><datafield ind1="0" ind2=" " tag="400"><subfield code="a">Iulianus,</subfield><subfield code="c">Antecessor,</subfield><subfield code="d">fl. 535-555</subfield></datafield><datafield ind1="0" ind2=" " tag="400"><subfield code="a">Julian,</subfield><subfield code="d">fl. 535-555</subfield></datafield><datafield ind1="0" ind2=" " tag="400"><subfield code="a">Julianus,</subfield><subfield code="c">antecessor</subfield><subfield code="w">nnaa</subfield></datafield><datafield ind1="0" ind2=" " tag="400"><subfield code="a">Julianus,</subfield><subfield code="c">Antecessor,</subfield><subfield code="d">fl. 535-555</subfield></datafield><datafield ind1=" " ind2=" " tag="670"><subfield code="a">Byzantine Empire. Iustiniani imperatoris edicta : constitutiones aliquot ..., 1580:</subfield><subfield code="b">t.p., etc. (... ex libro Iuliani antecessoris)</subfield></datafield><datafield ind1=" " ind2=" " tag="670"><subfield code="a">Walker, D.M. The Oxford companion to law, 1980:</subfield><subfield code="b">p. 422, entry 'Epitome Juliani' (one Julian, a teacher of law in Constantinople [compiled laws of A.D. 535-555])</subfield></datafield><datafield ind1=" " ind2=" " tag="670"><subfield code="a">Novellae constitutiones (ed. Schoell-Kroll; Corpus iuris civilis, ed. 6, v. 3), 1954:</subfield><subfield code="b">p. ix (... ex Iuliani antecessoris Constantinopolitani epitome ...; in footnote: Iouliano[s] scholastiko[s], or antikensor [both mean "teacher"; the "antikensor" or "antecessor" in Latin means teacher of law in a law school of the late Empire, cf. Berger])</subfield></datafield><datafield ind1=" " ind2=" " tag="670"><subfield code="a">LC data base 09-28-00</subfield><subfield code="b">(hdg.: Julianus, antecessor)</subfield></datafield></record>